<?xml version="1.0" encoding="UTF-8"?><collection xmlns="http://www.loc.gov/MARC21/slim"><record><leader>00449nam--2200133-i-4500</leader><controlfield tag="001">000019191</controlfield><controlfield tag="002">20161230</controlfield><controlfield tag="005">20161230201033</controlfield><controlfield tag="008">060222s1000------------r-----000-0-eng-d</controlfield><datafield ind1=" " ind2=" " tag="080"><subfield code="a">53(038)=20</subfield></datafield><datafield ind1=" " ind2=" " tag="245"><subfield code="a">Encyclopedica dictionary of physics.general nuclear, solid state,molecular, chemical, metal and vacuum physics,astronomy,geophysics biophysics and related subjects</subfield></datafield><datafield ind1=" " ind2=" " tag="260"><subfield code="a">London, Pergamon Press, 1961</subfield></datafield><datafield ind1=" " ind2=" " tag="700"><subfield code="a">Thewlis,J</subfield></datafield><datafield ind1=" " ind2=" " tag="852"><subfield code="a">D.224</subfield></datafield></record></collection>